% This file was created with JabRef 2.7b.
% Encoding: UTF-8

@INPROCEEDINGS{Hughes2005,
  author = {Hughes, John},
  title = {Programming with arrows},
  booktitle = {Proceedings of the 5th international conference on Advanced Functional
	Programming},
  year = {2005},
  series = {AFP'04},
  pages = {73--129},
  address = {Berlin, Heidelberg},
  publisher = {Springer-Verlag},
  acmid = {2162140},
  doi = {10.1007/11546382_2},
  isbn = {3-540-28540-7, 978-3-540-28540-3},
  location = {Tartu, Estonia},
  numpages = {57},
  owner = {suxing},
  timestamp = {2013.04.15},
}

@INPROCEEDINGS{Jones1996,
  author = {Simon Peyton Jones and Andrew Gordon and Sigbjorn Finne},
  title = {Concurrent Haskell},
  booktitle = {ANNUAL SYMPOSIUM ON PRINCIPLES OF PROGRAMMING LANGUAGES},
  year = {1996},
  pages = {295--308},
  publisher = {ACM},
  __markedentry = {[suxing:6]},
  owner = {suxing},
  timestamp = {2013.04.30}
}

@INPROCEEDINGS{Kiselyov2004,
  author = {Kiselyov, Oleg and L\"{a}mmel, Ralf and Schupke, Keean},
  title = {Strongly typed heterogeneous collections},
  booktitle = {Proceedings of the 2004 ACM SIGPLAN workshop on Haskell},
  year = {2004},
  series = {Haskell '04},
  pages = {96--107},
  address = {New York, NY, USA},
  publisher = {ACM},
  __markedentry = {[suxing:]},
  acmid = {1017488},
  isbn = {1-58113-850-4},
  keywords = {collections, dependently typed programming, extensible records, haskell,
	type equality, type improvement, type-indexed rows, type-safe database
	access},
  location = {Snowbird, Utah, USA},
  numpages = {12},
  owner = {suxing},
  timestamp = {2013.04.24},
}

@INPROCEEDINGS{Marlow2001,
  author = {Marlow, Simon and Jones, Simon Peyton and Moran, Andrew and Reppy,
	John},
  title = {Asynchronous exceptions in Haskell},
  booktitle = {Proceedings of the ACM SIGPLAN 2001 conference on Programming language
	design and implementation},
  year = {2001},
  series = {PLDI '01},
  pages = {274--285},
  address = {New York, NY, USA},
  publisher = {ACM},
  acmid = {378858},
  isbn = {1-58113-414-2},
  location = {Snowbird, Utah, USA},
  numpages = {12},
  owner = {suxing},
  timestamp = {2013.04.10},
}

@INPROCEEDINGS{Marlow2011a,
  author = {Marlow, Simon and Newton, Ryan and Peyton Jones, Simon},
  title = {A monad for deterministic parallelism},
  booktitle = {Proceedings of the 4th ACM symposium on Haskell},
  year = {2011},
  series = {Haskell '11},
  pages = {71--82},
  address = {New York, NY, USA},
  publisher = {ACM},
  acmid = {2034685},
  isbn = {978-1-4503-0860-1},
  keywords = {haskell, parallel},
  location = {Tokyo, Japan},
  numpages = {12},
  owner = {suxing},
  timestamp = {2013.04.01},
}

@MISC{CIOHomepage,
  title = {The ConcurrentIO Project's Homepage},
  url = {https://github.com/pysuxing/concurrent-io},
}

@comment{jabref-meta: selector_publisher:}

@comment{jabref-meta: selector_author:}

@comment{jabref-meta: selector_journal:}

@comment{jabref-meta: selector_keywords:}

